@book{ortiz2002procesamiento,
  title={Procesamiento morfol{\'o}gico de im{\'a}genes en color: aplicaci{\'o}n a la reconstrucci{\'o}n geod{\'e}sica},
  author={Ortiz Zamora, Francisco Gabriel},
  year={2002}
}
@article{benalcazar2014aprendizaje,
  title={Aprendizaje computacional y morfolog{\'\i}a matem{\'a}tica aplicados al procesamiento de im{\'a}genes biom{\'e}dicas},
  author={Benalc{\'a}zar Palacios, Marco Enrique},
  year={2014},
  publisher={Mar del Plata/Universidad Nacional de Mar del Plata/2014}
}
@article{somolinos2002avances,
  title={Avances en rob{\'o}tica y visi{\'o}n por computador},
  author={Somolinos, Jos{\'e}},
  journal={Ediciones de la Universidad de Castilla la Mancha},
  year={2002}
}
@book{de2012vision,
  title={Visi{\'o}n artificial industrial: Procesamiento de im{\'a}genes para inspecci{\'o}n autom{\'a}tica y rob{\'o}tica},
  author={de la Fuente L{\'o}pez, Eusebio and Trespaderne, F{\'e}lix Miguel},
  year={2012},
  publisher={Universidad de Valladolid, Secretariado de Publicaciones e Intercambio Editorial}
}
@article{marcos2006tecnicas,
  title={T{\'e}cnicas y Algoritmos B{\'a}sicos de Visi{\'o}n Artificial},
  author={Marcos, Ana Gonz{\'a}lez and de Pis{\'o}n Ascac{\'\i}bar, Francisco Javier Mart{\'\i}nez and El{\'\i}as, Fernando Alba and Limas, Manuel Castej{\'o}n and Mer{\'e}, Joaqu{\'\i}n Bienvenido Ordieres and Gonz{\'a}lez, Eliseo Pablo Vergara and others},
  year={2006},
  publisher={Universidad de La Rioja}
}
@article{palomino2010watershed,
  title={Watershed: un algoritmo eficiente y flexible para segmentaci{\'o}n de im{\'a}genes de geles 2-DE},
  author={Palomino, Nora La Serna and Concepci{\'o}n, Luzmila Elisa Pro},
  journal={Revista de investigaci{\'o}n de Sistemas e Inform{\'a}tica},
  volume={7},
  number={2},
  pages={35--41},
  year={2010}
}
@article{meyer1990morphological,
  title={Morphological segmentation},
  author={Meyer, Fernand and Beucher, Serge},
  journal={Journal of visual communication and image representation},
  volume={1},
  number={1},
  pages={21--46},
  year={1990},
  publisher={Elsevier}
}
@misc{villaveces,
  title={},
  author={Notas De Morfología Matemática, Universidad Nacional De Colombia, Villaveces, Andrés},
  year={Octubre del 2015}
}
@misc{ wiki:Mat,
       author = "Wikipedia",
       title = "Morfología matemática --- Wikipedia{,} La enciclopedia libre",
       year = "2015",
       url = "\url{https://es.wikipedia.org/w/index.php?title=Morfolog%C3%ADa_matem%C3%A1tica&oldid=87416032}",
       note = "[Internet; descargado 15-Octubre-2015]"
}
@misc{ Un:Sevilla,
       title = "Tema 5: Morfología",
       url = "\url{http://grupo.us.es/gtocoma/pid/tema5-1.pdf}",
       note = "[Internet; descargado 01-Octubre-2015]"
}
@misc{ BaseDatos,
	   author = "Southern California University",
       title = "Loni Image Data Archive",
       url = "\url{https://ida.loni.usc.edu/pages/access/search.jsp}",
       note = "[Internet; descargado 22-Septiembre-2015]"
}

@ARTICLE {masdeujose2004,
    author  = "Masdeu, José",
    title   = "La neuroimagen en la enfermedad de Alzheimer: perspectiva actual",
    journal = "Viguera",
    year    = "2004"
}

@misc{ wiki:Alz,
       author = "Wikipedia",
       title = "Enfermedad de Alzheimer --- Wikipedia{,} La enciclopedia libre",
       year = "2015",
       url = "\url{https://es.wikipedia.org/w/index.php?title=Enfermedad_de_Alzheimer&oldid=87488641}",
       note = "[Internet; descargado 15-Octubre-2015]"
}
@book{kumar2010robbins,
  title={Robbins y Cotran. Patolog{\'\i}a estructural y funcional},
  author={Kumar, V.},
  isbn={9788480866606},
  url={https://books.google.com.co/books?id=43SdNbLLQ3AC},
  year={2010},
  publisher={Elsevier}
}
@misc{ Otsu,
       author = "Universidad Nacional de Quilmes",
       title = "Segmentación por Umbralización Método de Otsu ",
       year = "2005",
       url = "\url{http://iaci.unq.edu.ar/materias/vision/archivos/apuntes/Segmentaci%C3%B3n%20por%20umbralizaci%C3%B3n%20-%20M%C3%A9todo%20de%20Otsu.pdf}",
       note = "[Internet; descargado 18-Noviembre-2015]"
}